%YAML 1.1
%TAG !u! tag:unity3d.com,2011:
--- !u!1 &107966
GameObject:
  m_ObjectHideFlags: 1
  m_PrefabParentObject: {fileID: 0}
  m_PrefabInternal: {fileID: 100100000}
  serializedVersion: 4
  m_Component:
  - 4: {fileID: 498348}
  m_Layer: 0
  m_Name: Bone015(mirrored)
  m_TagString: Untagged
  m_Icon: {fileID: 0}
  m_NavMeshLayer: 0
  m_StaticEditorFlags: 0
  m_IsActive: 1
--- !u!1 &108522
GameObject:
  m_ObjectHideFlags: 1
  m_PrefabParentObject: {fileID: 0}
  m_PrefabInternal: {fileID: 100100000}
  serializedVersion: 4
  m_Component:
  - 4: {fileID: 467948}
  m_Layer: 0
  m_Name: Bone012
  m_TagString: Untagged
  m_Icon: {fileID: 0}
  m_NavMeshLayer: 0
  m_StaticEditorFlags: 0
  m_IsActive: 1
--- !u!1 &110088
GameObject:
  m_ObjectHideFlags: 1
  m_PrefabParentObject: {fileID: 0}
  m_PrefabInternal: {fileID: 100100000}
  serializedVersion: 4
  m_Component:
  - 4: {fileID: 467824}
  m_Layer: 0
  m_Name: NO3
  m_TagString: Untagged
  m_Icon: {fileID: 0}
  m_NavMeshLayer: 0
  m_StaticEditorFlags: 0
  m_IsActive: 1
--- !u!1 &111340
GameObject:
  m_ObjectHideFlags: 1
  m_PrefabParentObject: {fileID: 0}
  m_PrefabInternal: {fileID: 100100000}
  serializedVersion: 4
  m_Component:
  - 4: {fileID: 482638}
  m_Layer: 0
  m_Name: Bone015
  m_TagString: Untagged
  m_Icon: {fileID: 0}
  m_NavMeshLayer: 0
  m_StaticEditorFlags: 0
  m_IsActive: 1
--- !u!1 &117632
GameObject:
  m_ObjectHideFlags: 1
  m_PrefabParentObject: {fileID: 0}
  m_PrefabInternal: {fileID: 100100000}
  serializedVersion: 4
  m_Component:
  - 4: {fileID: 462950}
  m_Layer: 0
  m_Name: Bone011(mirrored)
  m_TagString: Untagged
  m_Icon: {fileID: 0}
  m_NavMeshLayer: 0
  m_StaticEditorFlags: 0
  m_IsActive: 1
--- !u!1 &125266
GameObject:
  m_ObjectHideFlags: 1
  m_PrefabParentObject: {fileID: 0}
  m_PrefabInternal: {fileID: 100100000}
  serializedVersion: 4
  m_Component:
  - 4: {fileID: 464144}
  - 137: {fileID: 13730210}
  m_Layer: 0
  m_Name: Enemy_Monk
  m_TagString: Untagged
  m_Icon: {fileID: 0}
  m_NavMeshLayer: 0
  m_StaticEditorFlags: 0
  m_IsActive: 1
--- !u!1 &128614
GameObject:
  m_ObjectHideFlags: 1
  m_PrefabParentObject: {fileID: 0}
  m_PrefabInternal: {fileID: 100100000}
  serializedVersion: 4
  m_Component:
  - 4: {fileID: 470708}
  m_Layer: 0
  m_Name: Bone008(mirrored)
  m_TagString: Untagged
  m_Icon: {fileID: 0}
  m_NavMeshLayer: 0
  m_StaticEditorFlags: 0
  m_IsActive: 1
--- !u!1 &128732
GameObject:
  m_ObjectHideFlags: 0
  m_PrefabParentObject: {fileID: 0}
  m_PrefabInternal: {fileID: 100100000}
  serializedVersion: 4
  m_Component:
  - 4: {fileID: 485762}
  - 114: {fileID: 11420828}
  - 143: {fileID: 14345760}
  - 82: {fileID: 8296170}
  - 114: {fileID: 11489520}
  m_Layer: 2
  m_Name: E_Priest_Boss
  m_TagString: Enemy
  m_Icon: {fileID: 0}
  m_NavMeshLayer: 0
  m_StaticEditorFlags: 0
  m_IsActive: 1
--- !u!1 &136850
GameObject:
  m_ObjectHideFlags: 1
  m_PrefabParentObject: {fileID: 0}
  m_PrefabInternal: {fileID: 100100000}
  serializedVersion: 4
  m_Component:
  - 4: {fileID: 408250}
  m_Layer: 0
  m_Name: Dummy001
  m_TagString: Untagged
  m_Icon: {fileID: 0}
  m_NavMeshLayer: 0
  m_StaticEditorFlags: 0
  m_IsActive: 1
--- !u!1 &138634
GameObject:
  m_ObjectHideFlags: 1
  m_PrefabParentObject: {fileID: 0}
  m_PrefabInternal: {fileID: 100100000}
  serializedVersion: 4
  m_Component:
  - 4: {fileID: 446068}
  m_Layer: 0
  m_Name: Bone002
  m_TagString: Untagged
  m_Icon: {fileID: 0}
  m_NavMeshLayer: 0
  m_StaticEditorFlags: 0
  m_IsActive: 1
--- !u!1 &140588
GameObject:
  m_ObjectHideFlags: 1
  m_PrefabParentObject: {fileID: 0}
  m_PrefabInternal: {fileID: 100100000}
  serializedVersion: 4
  m_Component:
  - 4: {fileID: 470170}
  m_Layer: 0
  m_Name: Bone013
  m_TagString: Untagged
  m_Icon: {fileID: 0}
  m_NavMeshLayer: 0
  m_StaticEditorFlags: 0
  m_IsActive: 1
--- !u!1 &140954
GameObject:
  m_ObjectHideFlags: 0
  m_PrefabParentObject: {fileID: 0}
  m_PrefabInternal: {fileID: 100100000}
  serializedVersion: 4
  m_Component:
  - 4: {fileID: 476432}
  - 95: {fileID: 9538908}
  m_Layer: 0
  m_Name: Enemy_Monk
  m_TagString: Untagged
  m_Icon: {fileID: 0}
  m_NavMeshLayer: 0
  m_StaticEditorFlags: 0
  m_IsActive: 1
--- !u!1 &147096
GameObject:
  m_ObjectHideFlags: 0
  m_PrefabParentObject: {fileID: 0}
  m_PrefabInternal: {fileID: 100100000}
  serializedVersion: 4
  m_Component:
  - 4: {fileID: 434278}
  - 108: {fileID: 10856740}
  m_Layer: 2
  m_Name: Point light
  m_TagString: Untagged
  m_Icon: {fileID: 0}
  m_NavMeshLayer: 0
  m_StaticEditorFlags: 0
  m_IsActive: 1
--- !u!1 &153976
GameObject:
  m_ObjectHideFlags: 1
  m_PrefabParentObject: {fileID: 0}
  m_PrefabInternal: {fileID: 100100000}
  serializedVersion: 4
  m_Component:
  - 4: {fileID: 410762}
  m_Layer: 0
  m_Name: Bone_Shield
  m_TagString: Untagged
  m_Icon: {fileID: 0}
  m_NavMeshLayer: 0
  m_StaticEditorFlags: 0
  m_IsActive: 1
--- !u!1 &155608
GameObject:
  m_ObjectHideFlags: 1
  m_PrefabParentObject: {fileID: 0}
  m_PrefabInternal: {fileID: 100100000}
  serializedVersion: 4
  m_Component:
  - 4: {fileID: 457808}
  m_Layer: 0
  m_Name: No1
  m_TagString: Untagged
  m_Icon: {fileID: 0}
  m_NavMeshLayer: 0
  m_StaticEditorFlags: 0
  m_IsActive: 1
--- !u!1 &158130
GameObject:
  m_ObjectHideFlags: 1
  m_PrefabParentObject: {fileID: 0}
  m_PrefabInternal: {fileID: 100100000}
  serializedVersion: 4
  m_Component:
  - 4: {fileID: 480302}
  m_Layer: 0
  m_Name: NO4
  m_TagString: Untagged
  m_Icon: {fileID: 0}
  m_NavMeshLayer: 0
  m_StaticEditorFlags: 0
  m_IsActive: 1
--- !u!1 &160830
GameObject:
  m_ObjectHideFlags: 1
  m_PrefabParentObject: {fileID: 0}
  m_PrefabInternal: {fileID: 100100000}
  serializedVersion: 4
  m_Component:
  - 4: {fileID: 492494}
  m_Layer: 0
  m_Name: Bone007
  m_TagString: Untagged
  m_Icon: {fileID: 0}
  m_NavMeshLayer: 0
  m_StaticEditorFlags: 0
  m_IsActive: 1
--- !u!1 &178596
GameObject:
  m_ObjectHideFlags: 1
  m_PrefabParentObject: {fileID: 0}
  m_PrefabInternal: {fileID: 100100000}
  serializedVersion: 4
  m_Component:
  - 4: {fileID: 496956}
  m_Layer: 0
  m_Name: NO2
  m_TagString: Untagged
  m_Icon: {fileID: 0}
  m_NavMeshLayer: 0
  m_StaticEditorFlags: 0
  m_IsActive: 1
--- !u!1 &180166
GameObject:
  m_ObjectHideFlags: 1
  m_PrefabParentObject: {fileID: 0}
  m_PrefabInternal: {fileID: 100100000}
  serializedVersion: 4
  m_Component:
  - 4: {fileID: 445896}
  m_Layer: 0
  m_Name: Bone012(mirrored)
  m_TagString: Untagged
  m_Icon: {fileID: 0}
  m_NavMeshLayer: 0
  m_StaticEditorFlags: 0
  m_IsActive: 1
--- !u!1 &181434
GameObject:
  m_ObjectHideFlags: 1
  m_PrefabParentObject: {fileID: 0}
  m_PrefabInternal: {fileID: 100100000}
  serializedVersion: 4
  m_Component:
  - 4: {fileID: 443622}
  m_Layer: 0
  m_Name: Bone008
  m_TagString: Untagged
  m_Icon: {fileID: 0}
  m_NavMeshLayer: 0
  m_StaticEditorFlags: 0
  m_IsActive: 1
--- !u!1 &183488
GameObject:
  m_ObjectHideFlags: 1
  m_PrefabParentObject: {fileID: 0}
  m_PrefabInternal: {fileID: 100100000}
  serializedVersion: 4
  m_Component:
  - 4: {fileID: 441748}
  m_Layer: 0
  m_Name: Bone003
  m_TagString: Untagged
  m_Icon: {fileID: 0}
  m_NavMeshLayer: 0
  m_StaticEditorFlags: 0
  m_IsActive: 1
--- !u!1 &187412
GameObject:
  m_ObjectHideFlags: 1
  m_PrefabParentObject: {fileID: 0}
  m_PrefabInternal: {fileID: 100100000}
  serializedVersion: 4
  m_Component:
  - 4: {fileID: 404502}
  m_Layer: 0
  m_Name: Bone007(mirrored)
  m_TagString: Untagged
  m_Icon: {fileID: 0}
  m_NavMeshLayer: 0
  m_StaticEditorFlags: 0
  m_IsActive: 1
--- !u!1 &188914
GameObject:
  m_ObjectHideFlags: 1
  m_PrefabParentObject: {fileID: 0}
  m_PrefabInternal: {fileID: 100100000}
  serializedVersion: 4
  m_Component:
  - 4: {fileID: 413754}
  m_Layer: 0
  m_Name: Bone001
  m_TagString: Untagged
  m_Icon: {fileID: 0}
  m_NavMeshLayer: 0
  m_StaticEditorFlags: 0
  m_IsActive: 1
--- !u!1 &191958
GameObject:
  m_ObjectHideFlags: 1
  m_PrefabParentObject: {fileID: 0}
  m_PrefabInternal: {fileID: 100100000}
  serializedVersion: 4
  m_Component:
  - 4: {fileID: 421324}
  m_Layer: 0
  m_Name: Bone011
  m_TagString: Untagged
  m_Icon: {fileID: 0}
  m_NavMeshLayer: 0
  m_StaticEditorFlags: 0
  m_IsActive: 1
--- !u!1 &192996
GameObject:
  m_ObjectHideFlags: 1
  m_PrefabParentObject: {fileID: 0}
  m_PrefabInternal: {fileID: 100100000}
  serializedVersion: 4
  m_Component:
  - 4: {fileID: 472130}
  m_Layer: 0
  m_Name: Bone006(mirrored)
  m_TagString: Untagged
  m_Icon: {fileID: 0}
  m_NavMeshLayer: 0
  m_StaticEditorFlags: 0
  m_IsActive: 1
--- !u!1 &195248
GameObject:
  m_ObjectHideFlags: 1
  m_PrefabParentObject: {fileID: 0}
  m_PrefabInternal: {fileID: 100100000}
  serializedVersion: 4
  m_Component:
  - 4: {fileID: 449754}
  m_Layer: 0
  m_Name: Bone004
  m_TagString: Untagged
  m_Icon: {fileID: 0}
  m_NavMeshLayer: 0
  m_StaticEditorFlags: 0
  m_IsActive: 1
--- !u!1 &195464
GameObject:
  m_ObjectHideFlags: 1
  m_PrefabParentObject: {fileID: 0}
  m_PrefabInternal: {fileID: 100100000}
  serializedVersion: 4
  m_Component:
  - 4: {fileID: 465736}
  m_Layer: 0
  m_Name: Bone013(mirrored)
  m_TagString: Untagged
  m_Icon: {fileID: 0}
  m_NavMeshLayer: 0
  m_StaticEditorFlags: 0
  m_IsActive: 1
--- !u!1 &196610
GameObject:
  m_ObjectHideFlags: 1
  m_PrefabParentObject: {fileID: 0}
  m_PrefabInternal: {fileID: 100100000}
  serializedVersion: 4
  m_Component:
  - 4: {fileID: 484272}
  m_Layer: 0
  m_Name: Bone006
  m_TagString: Untagged
  m_Icon: {fileID: 0}
  m_NavMeshLayer: 0
  m_StaticEditorFlags: 0
  m_IsActive: 1
--- !u!4 &404502
Transform:
  m_ObjectHideFlags: 1
  m_PrefabParentObject: {fileID: 0}
  m_PrefabInternal: {fileID: 100100000}
  m_GameObject: {fileID: 187412}
  m_LocalRotation: {x: -.0803618357, y: .165884733, z: -.368679613, w: .911098003}
  m_LocalPosition: {x: -.265204132, y: -1.52587887e-07, z: 1.35898588e-07}
  m_LocalScale: {x: 1.00000048, y: 1.00000072, z: 1.00000012}
  m_Children:
  - {fileID: 470708}
  m_Father: {fileID: 472130}
  m_RootOrder: 0
--- !u!4 &408250
Transform:
  m_ObjectHideFlags: 1
  m_PrefabParentObject: {fileID: 0}
  m_PrefabInternal: {fileID: 100100000}
  m_GameObject: {fileID: 136850}
  m_LocalRotation: {x: -.707106829, y: 0, z: -0, w: .707106829}
  m_LocalPosition: {x: 0, y: 0, z: 0}
  m_LocalScale: {x: 1, y: 1, z: 1}
  m_Children:
  - {fileID: 413754}
  m_Father: {fileID: 476432}
  m_RootOrder: 4
--- !u!4 &410762
Transform:
  m_ObjectHideFlags: 1
  m_PrefabParentObject: {fileID: 0}
  m_PrefabInternal: {fileID: 100100000}
  m_GameObject: {fileID: 153976}
  m_LocalRotation: {x: 5.96048935e-08, y: -1.07288349e-06, z: 2.23517461e-07, w: 1}
  m_LocalPosition: {x: -.161541745, y: .0980466455, z: -3.24249271e-07}
  m_LocalScale: {x: 1.00000024, y: .999999762, z: 1.00000095}
  m_Children: []
  m_Father: {fileID: 443622}
  m_RootOrder: 0
--- !u!4 &413754
Transform:
  m_ObjectHideFlags: 1
  m_PrefabParentObject: {fileID: 0}
  m_PrefabInternal: {fileID: 100100000}
  m_GameObject: {fileID: 188914}
  m_LocalRotation: {x: -.494428277, y: -.505510032, z: .505510151, w: -.494428724}
  m_LocalPosition: {x: .022994956, y: 1.64810263e-08, z: .829503834}
  m_LocalScale: {x: 1, y: .99999994, z: 1.00000024}
  m_Children:
  - {fileID: 446068}
  - {fileID: 421324}
  - {fileID: 462950}
  m_Father: {fileID: 408250}
  m_RootOrder: 0
--- !u!4 &421324
Transform:
  m_ObjectHideFlags: 1
  m_PrefabParentObject: {fileID: 0}
  m_PrefabInternal: {fileID: 100100000}
  m_GameObject: {fileID: 191958}
  m_LocalRotation: {x: -.0403622538, y: -.129551426, z: .990434885, w: .0250225291}
  m_LocalPosition: {x: -.0317035653, y: .00705947494, z: .116000041}
  m_LocalScale: {x: 1.00000036, y: .999999642, z: .999999821}
  m_Children:
  - {fileID: 467948}
  m_Father: {fileID: 413754}
  m_RootOrder: 1
--- !u!4 &434278
Transform:
  m_ObjectHideFlags: 1
  m_PrefabParentObject: {fileID: 0}
  m_PrefabInternal: {fileID: 100100000}
  m_GameObject: {fileID: 147096}
  m_LocalRotation: {x: 0, y: 0, z: 0, w: 1}
  m_LocalPosition: {x: 0, y: 2.5, z: 1}
  m_LocalScale: {x: 1, y: 1, z: 1}
  m_Children: []
  m_Father: {fileID: 485762}
  m_RootOrder: 0
--- !u!4 &441748
Transform:
  m_ObjectHideFlags: 1
  m_PrefabParentObject: {fileID: 0}
  m_PrefabInternal: {fileID: 100100000}
  m_GameObject: {fileID: 183488}
  m_LocalRotation: {x: -1.10560859e-06, y: -1.50801981e-07, z: -.398912132, w: .916989207}
  m_LocalPosition: {x: -.418872595, y: -1.7166137e-07, z: 2.2683162e-09}
  m_LocalScale: {x: 1.00000024, y: 1.00000024, z: 1}
  m_Children:
  - {fileID: 449754}
  m_Father: {fileID: 446068}
  m_RootOrder: 0
--- !u!4 &443622
Transform:
  m_ObjectHideFlags: 1
  m_PrefabParentObject: {fileID: 0}
  m_PrefabInternal: {fileID: 100100000}
  m_GameObject: {fileID: 181434}
  m_LocalRotation: {x: -.0526752062, y: .142687351, z: -.0313867778, w: .98786664}
  m_LocalPosition: {x: -.290910035, y: 0, z: -2.38418565e-08}
  m_LocalScale: {x: .99999994, y: .99999994, z: 1}
  m_Children:
  - {fileID: 410762}
  - {fileID: 457808}
  m_Father: {fileID: 492494}
  m_RootOrder: 0
--- !u!4 &445896
Transform:
  m_ObjectHideFlags: 1
  m_PrefabParentObject: {fileID: 0}
  m_PrefabInternal: {fileID: 100100000}
  m_GameObject: {fileID: 180166}
  m_LocalRotation: {x: -.00114173244, y: .0119274613, z: .0488812104, w: .998732746}
  m_LocalPosition: {x: -.467737287, y: -1.88350668e-07, z: 9.5367426e-08}
  m_LocalScale: {x: .999999881, y: .99999994, z: 1.00000012}
  m_Children:
  - {fileID: 467824}
  m_Father: {fileID: 462950}
  m_RootOrder: 0
--- !u!4 &446068
Transform:
  m_ObjectHideFlags: 1
  m_PrefabParentObject: {fileID: 0}
  m_PrefabInternal: {fileID: 100100000}
  m_GameObject: {fileID: 138634}
  m_LocalRotation: {x: -2.37792307e-07, y: -2.76559575e-08, z: .132203132, w: .99122262}
  m_LocalPosition: {x: -.216859892, y: 6.05583182e-07, z: 3.63797873e-14}
  m_LocalScale: {x: 1, y: .999999881, z: 1}
  m_Children:
  - {fileID: 441748}
  - {fileID: 484272}
  - {fileID: 472130}
  m_Father: {fileID: 413754}
  m_RootOrder: 0
--- !u!4 &449754
Transform:
  m_ObjectHideFlags: 1
  m_PrefabParentObject: {fileID: 0}
  m_PrefabInternal: {fileID: 100100000}
  m_GameObject: {fileID: 195248}
  m_LocalRotation: {x: -1.41814644e-06, y: -1.87682645e-07, z: .131199583, w: .991355956}
  m_LocalPosition: {x: -.100263819, y: -2.28881831e-07, z: -1.8189893e-13}
  m_LocalScale: {x: 1, y: 1, z: 1}
  m_Children: []
  m_Father: {fileID: 441748}
  m_RootOrder: 0
--- !u!4 &457808
Transform:
  m_ObjectHideFlags: 1
  m_PrefabParentObject: {fileID: 0}
  m_PrefabInternal: {fileID: 100100000}
  m_GameObject: {fileID: 155608}
  m_LocalRotation: {x: -5.215405e-08, y: 1.49011647e-08, z: -1.19209275e-07, w: 1}
  m_LocalPosition: {x: -.270076096, y: 1.52587887e-07, z: 3.81469718e-08}
  m_LocalScale: {x: .99999994, y: 1.00000036, z: 1.00000024}
  m_Children: []
  m_Father: {fileID: 443622}
  m_RootOrder: 1
--- !u!4 &462950
Transform:
  m_ObjectHideFlags: 1
  m_PrefabParentObject: {fileID: 0}
  m_PrefabInternal: {fileID: 100100000}
  m_GameObject: {fileID: 117632}
  m_LocalRotation: {x: .0233380571, y: .990260422, z: -.131621599, w: -.0389289744}
  m_LocalPosition: {x: -.031703718, y: .00705939857, z: -.115999922}
  m_LocalScale: {x: .99999994, y: 1, z: .999999702}
  m_Children:
  - {fileID: 445896}
  m_Father: {fileID: 413754}
  m_RootOrder: 2
--- !u!4 &464144
Transform:
  m_ObjectHideFlags: 1
  m_PrefabParentObject: {fileID: 0}
  m_PrefabInternal: {fileID: 100100000}
  m_GameObject: {fileID: 125266}
  m_LocalRotation: {x: -.707106829, y: 0, z: -0, w: .707106829}
  m_LocalPosition: {x: 0, y: 0, z: 0}
  m_LocalScale: {x: 1, y: 1, z: 1}
  m_Children: []
  m_Father: {fileID: 476432}
  m_RootOrder: 5
--- !u!4 &465736
Transform:
  m_ObjectHideFlags: 1
  m_PrefabParentObject: {fileID: 0}
  m_PrefabInternal: {fileID: 100100000}
  m_GameObject: {fileID: 195464}
  m_LocalRotation: {x: 2.46234822e-06, y: .99619472, z: -4.42752452e-07, w: -.0871557444}
  m_LocalPosition: {x: -.0683878511, y: .0523220748, z: -.172994092}
  m_LocalScale: {x: 1, y: 1, z: .99999994}
  m_Children: []
  m_Father: {fileID: 476432}
  m_RootOrder: 1
--- !u!4 &467824
Transform:
  m_ObjectHideFlags: 1
  m_PrefabParentObject: {fileID: 0}
  m_PrefabInternal: {fileID: 100100000}
  m_GameObject: {fileID: 110088}
  m_LocalRotation: {x: -.000384417857, y: .00471059233, z: -.00639873696, w: .99996835}
  m_LocalPosition: {x: -.350043625, y: -3.33786012e-08, z: -1.14440915e-07}
  m_LocalScale: {x: 1.00000024, y: .99999994, z: 1}
  m_Children: []
  m_Father: {fileID: 445896}
  m_RootOrder: 0
--- !u!4 &467948
Transform:
  m_ObjectHideFlags: 1
  m_PrefabParentObject: {fileID: 0}
  m_PrefabInternal: {fileID: 100100000}
  m_GameObject: {fileID: 108522}
  m_LocalRotation: {x: .00104870391, y: .0109396148, z: -.0448213145, w: .998934567}
  m_LocalPosition: {x: -.467737138, y: 2.002716e-07, z: 3.81469718e-08}
  m_LocalScale: {x: 1.00000012, y: 1.00000012, z: 1}
  m_Children:
  - {fileID: 480302}
  m_Father: {fileID: 421324}
  m_RootOrder: 0
--- !u!4 &470170
Transform:
  m_ObjectHideFlags: 1
  m_PrefabParentObject: {fileID: 0}
  m_PrefabInternal: {fileID: 100100000}
  m_GameObject: {fileID: 140588}
  m_LocalRotation: {x: -.0871557444, y: -5.05925698e-07, z: .99619472, w: 2.06191316e-06}
  m_LocalPosition: {x: -.0659999773, y: .0550457798, z: .172999993}
  m_LocalScale: {x: .999999821, y: .999999821, z: .99999994}
  m_Children: []
  m_Father: {fileID: 476432}
  m_RootOrder: 0
--- !u!4 &470708
Transform:
  m_ObjectHideFlags: 1
  m_PrefabParentObject: {fileID: 0}
  m_PrefabInternal: {fileID: 100100000}
  m_GameObject: {fileID: 128614}
  m_LocalRotation: {x: .0578465611, y: .0596110821, z: .013376141, w: .996454418}
  m_LocalPosition: {x: -.290909946, y: 1.52587887e-07, z: -1.62124635e-07}
  m_LocalScale: {x: 1, y: .999999881, z: 1.00000012}
  m_Children:
  - {fileID: 496956}
  m_Father: {fileID: 404502}
  m_RootOrder: 0
--- !u!4 &472130
Transform:
  m_ObjectHideFlags: 1
  m_PrefabParentObject: {fileID: 0}
  m_PrefabInternal: {fileID: 100100000}
  m_GameObject: {fileID: 192996}
  m_LocalRotation: {x: .590974331, y: .554757237, z: .4887999, w: -.322596401}
  m_LocalPosition: {x: -.328797519, y: .082601428, z: 4.57763633e-07}
  m_LocalScale: {x: .999999702, y: 1, z: 1.00000012}
  m_Children:
  - {fileID: 404502}
  m_Father: {fileID: 446068}
  m_RootOrder: 2
--- !u!4 &476432
Transform:
  m_ObjectHideFlags: 1
  m_PrefabParentObject: {fileID: 0}
  m_PrefabInternal: {fileID: 100100000}
  m_GameObject: {fileID: 140954}
  m_LocalRotation: {x: 0, y: -.707106829, z: 0, w: .707106709}
  m_LocalPosition: {x: 0, y: 0, z: 0}
  m_LocalScale: {x: 1.79999995, y: 1.79999995, z: 1.79999995}
  m_Children:
  - {fileID: 470170}
  - {fileID: 465736}
  - {fileID: 482638}
  - {fileID: 498348}
  - {fileID: 408250}
  - {fileID: 464144}
  m_Father: {fileID: 485762}
  m_RootOrder: 1
--- !u!4 &480302
Transform:
  m_ObjectHideFlags: 1
  m_PrefabParentObject: {fileID: 0}
  m_PrefabInternal: {fileID: 100100000}
  m_GameObject: {fileID: 158130}
  m_LocalRotation: {x: .000384423503, y: .00471057836, z: .00639875326, w: .99996835}
  m_LocalPosition: {x: -.350043476, y: 2.14576712e-08, z: -5.72204577e-08}
  m_LocalScale: {x: 1, y: .999999881, z: 1}
  m_Children: []
  m_Father: {fileID: 467948}
  m_RootOrder: 0
--- !u!4 &482638
Transform:
  m_ObjectHideFlags: 1
  m_PrefabParentObject: {fileID: 0}
  m_PrefabInternal: {fileID: 100100000}
  m_GameObject: {fileID: 111340}
  m_LocalRotation: {x: -.238486454, y: .217542201, z: .737974286, w: .592615902}
  m_LocalPosition: {x: .0301403496, y: .906950533, z: .585718691}
  m_LocalScale: {x: 1, y: 1, z: 1.00000095}
  m_Children: []
  m_Father: {fileID: 476432}
  m_RootOrder: 2
--- !u!4 &484272
Transform:
  m_ObjectHideFlags: 1
  m_PrefabParentObject: {fileID: 0}
  m_PrefabInternal: {fileID: 100100000}
  m_GameObject: {fileID: 196610}
  m_LocalRotation: {x: -.322596014, y: .48879987, z: .554757535, w: .590974271}
  m_LocalPosition: {x: -.328797519, y: .082601428, z: 4.57763633e-07}
  m_LocalScale: {x: .999999762, y: 1.00000036, z: 1.00000048}
  m_Children:
  - {fileID: 492494}
  m_Father: {fileID: 446068}
  m_RootOrder: 1
--- !u!4 &485762
Transform:
  m_ObjectHideFlags: 1
  m_PrefabParentObject: {fileID: 0}
  m_PrefabInternal: {fileID: 100100000}
  m_GameObject: {fileID: 128732}
  m_LocalRotation: {x: 0, y: 0, z: 0, w: 1}
  m_LocalPosition: {x: 122.899864, y: 99.7271652, z: 94.8287582}
  m_LocalScale: {x: 1, y: 1, z: 1}
  m_Children:
  - {fileID: 434278}
  - {fileID: 476432}
  m_Father: {fileID: 0}
  m_RootOrder: 0
--- !u!4 &492494
Transform:
  m_ObjectHideFlags: 1
  m_PrefabParentObject: {fileID: 0}
  m_PrefabInternal: {fileID: 100100000}
  m_GameObject: {fileID: 160830}
  m_LocalRotation: {x: .0900193229, y: .14054656, z: .371966898, w: .913117647}
  m_LocalPosition: {x: -.265203953, y: -3.05175774e-07, z: 0}
  m_LocalScale: {x: .999999285, y: 1.00000107, z: 1}
  m_Children:
  - {fileID: 443622}
  m_Father: {fileID: 484272}
  m_RootOrder: 0
--- !u!4 &496956
Transform:
  m_ObjectHideFlags: 1
  m_PrefabParentObject: {fileID: 0}
  m_PrefabInternal: {fileID: 100100000}
  m_GameObject: {fileID: 178596}
  m_LocalRotation: {x: -2.5331974e-07, y: -7.4506401e-09, z: 2.38418551e-07, w: 1}
  m_LocalPosition: {x: -.270076185, y: -3.05175774e-07, z: -7.62939436e-08}
  m_LocalScale: {x: 1, y: 1, z: .99999994}
  m_Children: []
  m_Father: {fileID: 470708}
  m_RootOrder: 0
--- !u!4 &498348
Transform:
  m_ObjectHideFlags: 1
  m_PrefabParentObject: {fileID: 0}
  m_PrefabInternal: {fileID: 100100000}
  m_GameObject: {fileID: 107966}
  m_LocalRotation: {x: .587677896, y: .368000418, z: .675652504, w: .250407875}
  m_LocalPosition: {x: .0164433289, y: .898202658, z: -.585679471}
  m_LocalScale: {x: .999999881, y: .999999762, z: 1}
  m_Children: []
  m_Father: {fileID: 476432}
  m_RootOrder: 3
--- !u!82 &8296170
AudioSource:
  m_ObjectHideFlags: 1
  m_PrefabParentObject: {fileID: 0}
  m_PrefabInternal: {fileID: 100100000}
  m_GameObject: {fileID: 128732}
  m_Enabled: 1
  serializedVersion: 4
  OutputAudioMixerGroup: {fileID: 0}
  m_audioClip: {fileID: 0}
  m_PlayOnAwake: 0
  m_Volume: .5
  m_Pitch: 1
  Loop: 0
  Mute: 0
  Priority: 128
  DopplerLevel: 1
  MinDistance: 20
  MaxDistance: 500
  Pan2D: 0
  rolloffMode: 0
  BypassEffects: 0
  BypassListenerEffects: 0
  BypassReverbZones: 0
  rolloffCustomCurve:
    serializedVersion: 2
    m_Curve:
    - time: 0
      value: 1
      inSlope: 0
      outSlope: 0
      tangentMode: 0
    - time: 1
      value: 0
      inSlope: 0
      outSlope: 0
      tangentMode: 0
    m_PreInfinity: 2
    m_PostInfinity: 2
  panLevelCustomCurve:
    serializedVersion: 2
    m_Curve:
    - time: 0
      value: 1
      inSlope: 0
      outSlope: 0
      tangentMode: 0
    m_PreInfinity: 2
    m_PostInfinity: 2
  spreadCustomCurve:
    serializedVersion: 2
    m_Curve:
    - time: 0
      value: 0
      inSlope: 0
      outSlope: 0
      tangentMode: 0
    m_PreInfinity: 2
    m_PostInfinity: 2
  reverbZoneMixCustomCurve:
    serializedVersion: 2
    m_Curve:
    - time: 0
      value: 1
      inSlope: 0
      outSlope: 0
      tangentMode: 0
    m_PreInfinity: 2
    m_PostInfinity: 2
--- !u!95 &9538908
Animator:
  serializedVersion: 3
  m_ObjectHideFlags: 1
  m_PrefabParentObject: {fileID: 0}
  m_PrefabInternal: {fileID: 100100000}
  m_GameObject: {fileID: 140954}
  m_Enabled: 1
  m_Avatar: {fileID: 9000000, guid: 31d8ab61e1f08674493dc25f92ebe022, type: 3}
  m_Controller: {fileID: 9100000, guid: 527d3c384daa36a42ba85509f879ea91, type: 2}
  m_CullingMode: 1
  m_UpdateMode: 0
  m_ApplyRootMotion: 0
  m_LinearVelocityBlending: 0
  m_WarningMessage: 
  m_HasTransformHierarchy: 1
  m_AllowConstantClipSamplingOptimization: 1
--- !u!108 &10856740
Light:
  m_ObjectHideFlags: 1
  m_PrefabParentObject: {fileID: 0}
  m_PrefabInternal: {fileID: 100100000}
  m_GameObject: {fileID: 147096}
  m_Enabled: 1
  serializedVersion: 6
  m_Type: 2
  m_Color: {r: 1, g: .807505131, b: .463235319, a: 1}
  m_Intensity: 1
  m_Range: 60
  m_SpotAngle: 43.0556221
  m_CookieSize: 10
  m_Shadows:
    m_Type: 2
    m_Resolution: -1
    m_Strength: 1
    m_Bias: .0500000007
    m_NormalBias: .400000006
  m_Cookie: {fileID: 0}
  m_DrawHalo: 0
  m_Flare: {fileID: 0}
  m_RenderMode: 0
  m_CullingMask:
    serializedVersion: 2
    m_Bits: 4294967295
  m_Lightmapping: 4
  m_BounceIntensity: 1
  m_ShadowRadius: 0
  m_ShadowAngle: 0
  m_AreaSize: {x: 1, y: 1}
--- !u!114 &11420828
MonoBehaviour:
  m_ObjectHideFlags: 1
  m_PrefabParentObject: {fileID: 0}
  m_PrefabInternal: {fileID: 100100000}
  m_GameObject: {fileID: 128732}
  m_Enabled: 1
  m_EditorHideFlags: 0
  m_Script: {fileID: 11500000, guid: 4b5e6e0146ae22d48b90a85ce5e520f4, type: 3}
  m_Name: 
  m_EditorClassIdentifier: 
  Speed: 5.19999981
  MaxHealth: 300
  DamageMin: 20
  DamageMax: 30
  AttackTime: .5
  AttackDistance: 20
  AttackTimeout: 3
  Projectile: {fileID: 157050, guid: 500800f99ee0cc94abeb6e2c25cb3b0e, type: 2}
  ProjectileSpeed: 17
  InvisibilityTime: 0
  InvisibilityTimeout: 0
  SightDistance: 40
  CanSeeInvisible: 1
  SigilRune: {fileID: 153068, guid: 5b6ae0535ce112e479a16aff825bb333, type: 2}
  SigilTimeout: 15
  VampireFactor: 0
  AttackSounds:
  - {fileID: 8300000, guid: aca97c2d4ff0eb74d886836ad3932775, type: 3}
  HurtSounds:
  - {fileID: 8300000, guid: 0861098a1fd26f44fba2131aee5cd00e, type: 3}
  - {fileID: 8300000, guid: bde01b31d2dc98741a01aef123461b1c, type: 3}
  - {fileID: 8300000, guid: ba5ab9e762d912846a89cc73bcf4cae0, type: 3}
  - {fileID: 8300000, guid: 3c2537bf4a812eb40a854b49e2cfc67a, type: 3}
  DeathSound: {fileID: 8300000, guid: 7d594384afd0b0f45aa7a9a0068f9c52, type: 3}
  InvisibilityOnSound: {fileID: 0}
  InvisibilityOffSound: {fileID: 0}
  DisablesTrap: 0
  TreasureDetectionRadius: 20
  BloodSpill: {fileID: 136856, guid: ae5c60dac804a0f4ca06b6cd7c2a1151, type: 2}
--- !u!114 &11489520
MonoBehaviour:
  m_ObjectHideFlags: 1
  m_PrefabParentObject: {fileID: 0}
  m_PrefabInternal: {fileID: 100100000}
  m_GameObject: {fileID: 128732}
  m_Enabled: 1
  m_EditorHideFlags: 0
  m_Script: {fileID: 11500000, guid: 71d5b271a8bee6c4c9ce3684ac66ecee, type: 3}
  m_Name: 
  m_EditorClassIdentifier: 
  BossColor: {r: .597146869, g: .0126774693, b: .735294104, a: 1}
--- !u!137 &13730210
SkinnedMeshRenderer:
  m_ObjectHideFlags: 1
  m_PrefabParentObject: {fileID: 0}
  m_PrefabInternal: {fileID: 100100000}
  m_GameObject: {fileID: 125266}
  m_Enabled: 1
  m_CastShadows: 1
  m_ReceiveShadows: 1
  m_Materials:
  - {fileID: 2100000, guid: 47c01b90d13cd9a468f9fdce03d34c58, type: 2}
  m_SubsetIndices: 
  m_StaticBatchRoot: {fileID: 0}
  m_UseLightProbes: 1
  m_ReflectionProbeUsage: 1
  m_ProbeAnchor: {fileID: 0}
  m_ScaleInLightmap: 1
  m_PreserveUVs: 0
  m_ImportantGI: 0
  m_AutoUVMaxDistance: .5
  m_AutoUVMaxAngle: 89
  m_LightmapParameters: {fileID: 0}
  m_SortingLayerID: 0
  m_SortingOrder: 0
  serializedVersion: 2
  m_Quality: 0
  m_UpdateWhenOffscreen: 0
  m_Mesh: {fileID: 4300000, guid: 31d8ab61e1f08674493dc25f92ebe022, type: 3}
  m_Bones:
  - {fileID: 413754}
  - {fileID: 446068}
  - {fileID: 492494}
  - {fileID: 421324}
  - {fileID: 484272}
  - {fileID: 443622}
  - {fileID: 441748}
  - {fileID: 449754}
  - {fileID: 410762}
  - {fileID: 482638}
  - {fileID: 472130}
  - {fileID: 462950}
  - {fileID: 470170}
  - {fileID: 467948}
  - {fileID: 404502}
  - {fileID: 445896}
  - {fileID: 465736}
  - {fileID: 470708}
  - {fileID: 498348}
  m_BlendShapeWeights: []
  m_RootBone: {fileID: 413754}
  m_AABB:
    m_Center: {x: -.0994848609, y: .0787902474, z: -.0970610976}
    m_Extent: {x: .933135688, y: .92152518, z: .83566767}
  m_DirtyAABB: 0
--- !u!143 &14345760
CharacterController:
  m_ObjectHideFlags: 1
  m_PrefabParentObject: {fileID: 0}
  m_PrefabInternal: {fileID: 100100000}
  m_GameObject: {fileID: 128732}
  m_Material: {fileID: 0}
  m_IsTrigger: 0
  m_Enabled: 1
  serializedVersion: 2
  m_Height: 2
  m_Radius: .5
  m_SlopeLimit: 45
  m_StepOffset: .100000001
  m_SkinWidth: .00999999978
  m_MinMoveDistance: .00100000005
  m_Center: {x: 0, y: 1, z: 0}
--- !u!1001 &100100000
Prefab:
  m_ObjectHideFlags: 1
  serializedVersion: 2
  m_Modification:
    m_TransformParent: {fileID: 0}
    m_Modifications:
    - target: {fileID: 0}
      propertyPath: HurtSounds.Array.size
      value: 4
      objectReference: {fileID: 0}
    - target: {fileID: 0}
      propertyPath: AttackSounds.Array.size
      value: 1
      objectReference: {fileID: 0}
    - target: {fileID: 0}
      propertyPath: m_Layer
      value: 2
      objectReference: {fileID: 0}
    - target: {fileID: 0}
      propertyPath: m_TagString
      value: Enemy
      objectReference: {fileID: 0}
    - target: {fileID: 0}
      propertyPath: Sigil
      value: 
      objectReference: {fileID: 153068, guid: 5b6ae0535ce112e479a16aff825bb333, type: 2}
    - target: {fileID: 0}
      propertyPath: SigilRune
      value: 
      objectReference: {fileID: 153068, guid: 5b6ae0535ce112e479a16aff825bb333, type: 2}
    - target: {fileID: 0}
      propertyPath: m_Controller
      value: 
      objectReference: {fileID: 9100000, guid: 527d3c384daa36a42ba85509f879ea91, type: 2}
    - target: {fileID: 0}
      propertyPath: HurtSounds.Array.data[0]
      value: 
      objectReference: {fileID: 8300000, guid: 0861098a1fd26f44fba2131aee5cd00e, type: 3}
    - target: {fileID: 0}
      propertyPath: HurtSounds.Array.data[1]
      value: 
      objectReference: {fileID: 8300000, guid: bde01b31d2dc98741a01aef123461b1c, type: 3}
    - target: {fileID: 0}
      propertyPath: HurtSounds.Array.data[2]
      value: 
      objectReference: {fileID: 8300000, guid: ba5ab9e762d912846a89cc73bcf4cae0, type: 3}
    - target: {fileID: 0}
      propertyPath: HurtSounds.Array.data[3]
      value: 
      objectReference: {fileID: 8300000, guid: 3c2537bf4a812eb40a854b49e2cfc67a, type: 3}
    - target: {fileID: 0}
      propertyPath: DeathSound
      value: 
      objectReference: {fileID: 8300000, guid: 7d594384afd0b0f45aa7a9a0068f9c52, type: 3}
    - target: {fileID: 0}
      propertyPath: AttackSounds.Array.data[0]
      value: 
      objectReference: {fileID: 8300000, guid: aca97c2d4ff0eb74d886836ad3932775, type: 3}
    - target: {fileID: 0}
      propertyPath: m_PlayOnAwake
      value: 0
      objectReference: {fileID: 0}
    - target: {fileID: 0}
      propertyPath: panLevelCustomCurve.m_Curve.Array.data[0].value
      value: 1
      objectReference: {fileID: 0}
    - target: {fileID: 0}
      propertyPath: TreasureDetectionRadius
      value: 20
      objectReference: {fileID: 0}
    - target: {fileID: 0}
      propertyPath: m_Shadows.m_Type
      value: 2
      objectReference: {fileID: 0}
    - target: {fileID: 0}
      propertyPath: Speed
      value: 5.19999981
      objectReference: {fileID: 0}
    - target: {fileID: 0}
      propertyPath: BloodSpill
      value: 
      objectReference: {fileID: 136856, guid: ae5c60dac804a0f4ca06b6cd7c2a1151, type: 2}
    - target: {fileID: 0}
      propertyPath: MaxDistance
      value: 500
      objectReference: {fileID: 0}
    - target: {fileID: 0}
      propertyPath: MinDistance
      value: 20
      objectReference: {fileID: 0}
    - target: {fileID: 0}
      propertyPath: m_Volume
      value: .5
      objectReference: {fileID: 0}
    - target: {fileID: 0}
      propertyPath: SightDistance
      value: 40
      objectReference: {fileID: 0}
    - target: {fileID: 0}
      propertyPath: ProjectileSpeed
      value: 17
      objectReference: {fileID: 0}
    - target: {fileID: 0}
      propertyPath: AttackTimeout
      value: 3
      objectReference: {fileID: 0}
    - target: {fileID: 0}
      propertyPath: MaxHealth
      value: 300
      objectReference: {fileID: 0}
    - target: {fileID: 0}
      propertyPath: m_LocalScale.x
      value: 1.79999995
      objectReference: {fileID: 0}
    - target: {fileID: 0}
      propertyPath: m_LocalScale.y
      value: 1.79999995
      objectReference: {fileID: 0}
    - target: {fileID: 0}
      propertyPath: m_LocalScale.z
      value: 1.79999995
      objectReference: {fileID: 0}
    - target: {fileID: 0}
      propertyPath: SigilTimeout
      value: 15
      objectReference: {fileID: 0}
    - target: {fileID: 0}
      propertyPath: BossColor.r
      value: .597146869
      objectReference: {fileID: 0}
    - target: {fileID: 0}
      propertyPath: BossColor.g
      value: .0126774693
      objectReference: {fileID: 0}
    - target: {fileID: 0}
      propertyPath: BossColor.b
      value: .735294104
      objectReference: {fileID: 0}
    - target: {fileID: 0}
      propertyPath: BossColor.a
      value: 1
      objectReference: {fileID: 0}
    m_RemovedComponents: []
  m_ParentPrefab: {fileID: 0}
  m_RootGameObject: {fileID: 128732}
  m_IsPrefabParent: 1
