%YAML 1.1
%TAG !u! tag:unity3d.com,2011:
--- !u!1 &168606
GameObject:
  m_ObjectHideFlags: 0
  m_PrefabParentObject: {fileID: 0}
  m_PrefabInternal: {fileID: 100100000}
  serializedVersion: 4
  m_Component:
  - 4: {fileID: 440308}
  - 33: {fileID: 3308512}
  - 23: {fileID: 2382254}
  - 65: {fileID: 6560782}
  m_Layer: 0
  m_Name: Crypt
  m_TagString: Untagged
  m_Icon: {fileID: 0}
  m_NavMeshLayer: 0
  m_StaticEditorFlags: 0
  m_IsActive: 1
--- !u!1 &173112
GameObject:
  m_ObjectHideFlags: 0
  m_PrefabParentObject: {fileID: 0}
  m_PrefabInternal: {fileID: 100100000}
  serializedVersion: 4
  m_Component:
  - 4: {fileID: 431530}
  - 135: {fileID: 13561780}
  - 114: {fileID: 11465458}
  m_Layer: 0
  m_Name: Crypt
  m_TagString: Finish
  m_Icon: {fileID: 0}
  m_NavMeshLayer: 0
  m_StaticEditorFlags: 0
  m_IsActive: 1
--- !u!4 &431530
Transform:
  m_ObjectHideFlags: 1
  m_PrefabParentObject: {fileID: 0}
  m_PrefabInternal: {fileID: 100100000}
  m_GameObject: {fileID: 173112}
  m_LocalRotation: {x: 0, y: 0, z: 0, w: 1}
  m_LocalPosition: {x: -8.18508816, y: 12.1109352, z: 12.5322027}
  m_LocalScale: {x: 1, y: 1, z: 1}
  m_Children:
  - {fileID: 440308}
  m_Father: {fileID: 0}
  m_RootOrder: 0
--- !u!4 &440308
Transform:
  m_ObjectHideFlags: 1
  m_PrefabParentObject: {fileID: 0}
  m_PrefabInternal: {fileID: 100100000}
  m_GameObject: {fileID: 168606}
  m_LocalRotation: {x: -.707106829, y: 0, z: 0, w: .707106709}
  m_LocalPosition: {x: 0, y: 0, z: 0}
  m_LocalScale: {x: 1.20000005, y: 1.20000005, z: 1.20000005}
  m_Children: []
  m_Father: {fileID: 431530}
  m_RootOrder: 0
--- !u!23 &2382254
MeshRenderer:
  m_ObjectHideFlags: 1
  m_PrefabParentObject: {fileID: 0}
  m_PrefabInternal: {fileID: 100100000}
  m_GameObject: {fileID: 168606}
  m_Enabled: 1
  m_CastShadows: 1
  m_ReceiveShadows: 1
  m_Materials:
  - {fileID: 2100000, guid: 47c01b90d13cd9a468f9fdce03d34c58, type: 2}
  m_SubsetIndices: 
  m_StaticBatchRoot: {fileID: 0}
  m_UseLightProbes: 1
  m_ReflectionProbeUsage: 1
  m_ProbeAnchor: {fileID: 0}
  m_ScaleInLightmap: 1
  m_PreserveUVs: 0
  m_ImportantGI: 0
  m_AutoUVMaxDistance: .5
  m_AutoUVMaxAngle: 89
  m_LightmapParameters: {fileID: 0}
  m_SortingLayerID: 0
  m_SortingOrder: 0
--- !u!33 &3308512
MeshFilter:
  m_ObjectHideFlags: 1
  m_PrefabParentObject: {fileID: 0}
  m_PrefabInternal: {fileID: 100100000}
  m_GameObject: {fileID: 168606}
  m_Mesh: {fileID: 4300000, guid: 82ddf0c78a53aa04ea76ecd380f58546, type: 3}
--- !u!65 &6560782
BoxCollider:
  m_ObjectHideFlags: 1
  m_PrefabParentObject: {fileID: 0}
  m_PrefabInternal: {fileID: 100100000}
  m_GameObject: {fileID: 168606}
  m_Material: {fileID: 0}
  m_IsTrigger: 0
  m_Enabled: 1
  serializedVersion: 2
  m_Size: {x: 3, y: 1.99999976, z: 1.55234945}
  m_Center: {x: 0, y: 0, z: .776174724}
--- !u!114 &11465458
MonoBehaviour:
  m_ObjectHideFlags: 1
  m_PrefabParentObject: {fileID: 0}
  m_PrefabInternal: {fileID: 100100000}
  m_GameObject: {fileID: 173112}
  m_Enabled: 1
  m_EditorHideFlags: 0
  m_Script: {fileID: 11500000, guid: 1201e62d155feb7439f53ad7ddca6145, type: 3}
  m_Name: 
  m_EditorClassIdentifier: 
--- !u!135 &13561780
SphereCollider:
  m_ObjectHideFlags: 1
  m_PrefabParentObject: {fileID: 0}
  m_PrefabInternal: {fileID: 100100000}
  m_GameObject: {fileID: 173112}
  m_Material: {fileID: 0}
  m_IsTrigger: 1
  m_Enabled: 1
  serializedVersion: 2
  m_Radius: 6
  m_Center: {x: 0, y: 0, z: 0}
--- !u!1001 &100100000
Prefab:
  m_ObjectHideFlags: 1
  serializedVersion: 2
  m_Modification:
    m_TransformParent: {fileID: 0}
    m_Modifications:
    - target: {fileID: 0}
      propertyPath: m_LocalScale.x
      value: 1.20000005
      objectReference: {fileID: 0}
    - target: {fileID: 0}
      propertyPath: m_LocalScale.y
      value: 1.20000005
      objectReference: {fileID: 0}
    - target: {fileID: 0}
      propertyPath: m_LocalScale.z
      value: 1.20000005
      objectReference: {fileID: 0}
    - target: {fileID: 0}
      propertyPath: m_TagString
      value: Finish
      objectReference: {fileID: 0}
    m_RemovedComponents: []
  m_ParentPrefab: {fileID: 0}
  m_RootGameObject: {fileID: 173112}
  m_IsPrefabParent: 1
